@online{chap2bib1,
    title     = "A01 Broken Access Control - OWASP Top 10:2021",
    url       = "https://owasp.org/Top10/A01_2021-Broken_Access_Control/#references",
    keywords  = "latex",
    note = "[Online; accessed 18.07.2023]"
}

@online{chap2bib2,
    title     = "Principle of least privilege | CERT NZ",
    url       = "https://www.cert.govt.nz/it-specialists/critical-controls/principle-of-least-privilege/",
    keywords  = "latex",
    note = "[Online; accessed 18.07.2023]"
}

@online{chap2bib3,
    title     = "What is an Insecure Direct Object Reference (IDOR)? - Zerocopter",
    url       = "https://www.zerocopter.com/blog-en/what-is-an-insecure-direct-object-reference-idor",
    keywords  = "latex",
    note = "[Online; accessed 18.07.2023]"
}

@online{chap2bib4,
    title     = "CWE 200 Information Exposure",
    url       = "https://www.cvedetails.com/cwe-details/200/Information-Exposure.html",
    keywords  = "latex",
    note = "[Online; accessed 18.07.2023]"
}

@online{chap2bib5,
    title     = "CWE 201 Information Leak Through Sent Data",
    url       = "https://www.cvedetails.com/cwe-details/201/Information-Leak-Through-Sent-Data.html",
    keywords  = "latex",
    note = "[Online; accessed 18.07.2023]"
}

@online{chap2bib6,
    title     = "CWE - CWE-352: Cross-Site Request Forgery (CSRF) (4.12)",
    url       = "https://cwe.mitre.org/data/definitions/352.html",
    keywords  = "latex",
    note = "[Online; accessed 18.07.2023]"
}

@online{chap2bib7,
    title     = "A02 Cryptographic Failures - OWASP Top 10:2021",
    url       = "https://owasp.org/Top10/A02_2021-Cryptographic_Failures/",
    keywords  = "latex",
    note = "[Online; accessed 18.07.2023]"
}

@online{chap2bib8,
    title     = "Cryptographic Failures Vulnerability - Examples \& Prevention",
    url       = "https://crashtest-security.com/owasp-cryptographic-failures/",
    keywords  = "latex",
    note = "[Online; accessed 18.07.2023]"
}

@online{chap2bib9,
    title     = "CWE - CWE-259: Use of Hard-coded Password (4.12)",
    url       = "https://cwe.mitre.org/data/definitions/259.html",
    keywords  = "latex",
    note = "[Online; accessed 18.07.2023]"
}

@online{chap2bib10,
    title     = "CWE - CWE-327: Use of a Broken or Risky Cryptographic Algorithm (4.12)",
    url       = "https://cwe.mitre.org/data/definitions/327.html",
    keywords  = "latex",
    note = "[Online; accessed 18.07.2023]"
}

@online{chap2bib11,
    title     = "CWE - CWE-331: Insufficient Entropy (4.12)",
    url       = "https://cwe.mitre.org/data/definitions/331.html",
    keywords  = "latex",
    note = "[Online; accessed 18.07.2023]"
}

@online{chap2bib12,
    title     = "A03 Injection - OWASP Top 10:2021",
    url       = "https://owasp.org/Top10/A03_2021-Injection/",
    keywords  = "latex",
    note = "[Online; accessed 18.07.2023]"
}

@online{chap2bib13,
    title     = "INJECTION (A03:2021)",
    url       = "https://systemweakness.com/injection-a03-2021-f72b8d51a231",
    keywords  = "latex",
    note = "[Online; accessed 18.07.2023]"
}

@online{chap2bib14,
    title     = "CWE - CWE-79: Improper Neutralization of Input During Web Page Generation ('Cross-site Scripting') (4.12)",
    url       = "https://cwe.mitre.org/data/definitions/79.html",
    keywords  = "latex",
    note = "[Online; accessed 18.07.2023]"
}

@online{chap2bib15,
    title     = "CWE - CWE-89: Improper Neutralization of Special Elements used in an SQL Command ('SQL Injection') (4.12)",
    url       = "https://cwe.mitre.org/data/definitions/89.html",
    keywords  = "latex",
    note = "[Online; accessed 18.07.2023]"
}

@online{chap2bib16,
    title     = "CWE - CWE-73: External Control of File Name or Path (4.12)",
    url       = "https://cwe.mitre.org/data/definitions/73.html",
    keywords  = "latex",
    note = "[Online; accessed 18.07.2023]"
}

@online{chap2bib17,
    title     = "A04 Insecure Design - OWASP Top 10:2021",
    url       = "https://owasp.org/Top10/A04_2021-Insecure_Design/",
    keywords  = "latex",
    note = "[Online; accessed 18.07.2023]"
}

@online{chap2bib18,
    title     = "Insecure Design OWASP Top 10 - Vulnerability Explained",
    url       = "https://crashtest-security.com/insecure-design-vulnerability/",
    keywords  = "latex",
    note = "[Online; accessed 18.07.2023]"
}

@online{chap2bib19,
    title     = "CWE - CWE-209: Generation of Error Message Containing Sensitive Information (4.12)",
    url       = "https://cwe.mitre.org/data/definitions/209.html",
    keywords  = "latex",
    note = "[Online; accessed 18.07.2023]"
}

@online{chap2bib20,
    title     = "CWE - CWE-256: Plaintext Storage of a Password (4.12)",
    url       = "https://cwe.mitre.org/data/definitions/256.html",
    keywords  = "latex",
    note = "[Online; accessed 18.07.2023]"
}

@online{chap2bib21,
    title     = "CWE - CWE-501: Trust Boundary Violation (4.12)",
    url       = "https://cwe.mitre.org/data/definitions/501.html",
    keywords  = "latex",
    note = "[Online; accessed 18.07.2023]"
}

@online{chap2bib22,
    title     = "CWE - CWE-522: Insufficiently Protected Credentials (4.12)",
    url       = "https://cwe.mitre.org/data/definitions/522.html",
    keywords  = "latex",
    note = "[Online; accessed 18.07.2023]"
}

@online{chap2bib23,
    title     = "A05 Security Misconfiguration - OWASP Top 10:2021",
    url       = "https://owasp.org/Top10/A05_2021-Security_Misconfiguration/",
    keywords  = "latex",
    note = "[Online; accessed 18.07.2023]"
}

@online{chap2bib24,
    title     = "CWE -  CWE-16: Configuration (4.12)",
    url       = "https://cwe.mitre.org/data/definitions/16.html",
    keywords  = "latex",
    note = "[Online; accessed 18.07.2023]"
}

@online{chap2bib25,
    title     = "CWE - CWE-611: Improper Restriction of XML External Entity Reference (4.12)",
    url       = "https://cwe.mitre.org/data/definitions/611.html",
    keywords  = "latex",
    note = "[Online; accessed 18.07.2023]"
}

@online{chap2bib26,
    title     = "What is N-Tier Architecture? Examples, Tutorials \& More (stackify.com)",
    url       = "https://stackify.com/n-tier-architecture/",
    keywords  = "latex",
    note = "[Online; accessed 18.07.2023]"
}

@online{chap2bib27,
    title     = "N-tier architecture style - Azure Architecture Center",
    url       = "https://learn.microsoft.com/en-us/azure/architecture/guide/architecture-styles/n-tier",
    keywords  = "latex",
    note = "[Online; accessed 18.07.2023]"
}

@online{chap2bib28,
    title     = "Event Sourcing pattern - Azure Architecture Center",
    url       = "https://learn.microsoft.com/en-us/azure/architecture/patterns/event-sourcing",
    keywords  = "latex",
    note = "[Online; accessed 18.07.2023]"
}

@online{chap2bib29,
    title     = "The pros and cons of the Event Sourcing architecture pattern",
    url       = "https://www.redhat.com/architect/pros-and-cons-event-sourcing-architecture-pattern",
    keywords  = "latex",
    note = "[Online; accessed 18.07.2023]"
}

@online{chap3bib1,
    title     = "Introducing MongoDB Atlas",
    url       = "https://www.slideshare.net/mongodb/introducing-mongodb-atlas",
    keywords  = "latex",
    note = "[Online; accessed 18.07.2023]"
}

@online{chap4bib1,
    title     = "Getting Started with Redux | Redux",
    url       = "https://redux.js.org/introduction/getting-started",
    keywords  = "latex",
    note = "[Online; accessed 18.07.2023]"
}

@online{chap4bib2,
    title     = "RTK Query Overview | Redux Toolkit",
    url       = "https://redux-toolkit.js.org/rtk-query/overview",
    keywords  = "latex",
    note = "[Online; accessed 18.07.2023]"
}

@online{chap4bib3,
    title     = "Streaming Updates | Redux Toolkit",
    url       = "https://redux-toolkit.js.org/rtk-query/usage/streaming-updates#streaming-update-examples",
    keywords  = "latex",
    note = "[Online; accessed 18.07.2023]"
}

@online{chap4bib4,
    title     = "Rxjs và Reactive programming - chi tiết về ý nghĩa và cách hoạt động",
    url       = "https://viblo.asia/p/rxjs-va-reactive-programming-chi-tiet-ve-y-nghia-va-cach-hoat-dong-RnB5pMkrKPG",
    keywords  = "latex",
    note = "[Online; accessed 18.07.2023]"
}

@online{chap4bib5,
    title     = "RxJS",
    url       = "https://rxjs.dev/guide/overview",
    keywords  = "latex",
    note = "[Online; accessed 18.07.2023]"
}

@online{chap4bib6,
    title     = "Client Side State - HTTP Cookies",
    url       = "https://curl.se/rfc/cookie_spec.html",
    keywords  = "latex",
    note = "[Online; accessed 18.07.2023]"
}